UNA:+.? 'UNH+12345+FINSTA:D:96A:UN'BGM+54+4711+9'DTM+137:19961010:102'LIN+1'FII+AS+6789-987654.32B+BANKCHZZXXX:25:5'RFF+ADP:CH-4712/1996'MOA+315:12000:CHF'DTM+171:19961001:102'MOA+343:14500:CHF'DTM+171:19961009:102'MOA+344:14000:CHF'DTM+171:19961003:102'MOA+344:15000:CHF'DTM+171:19961004:102'MOA+344:14500:CHF'DTM+171:19961007:102'SEQ+13+1'RFF+PQ:3456'RFF+AIK:98762'DTM+209:19961003:102'BUS++DO+1+ZZZ'MOA+348:2000:CHF::4'SEQ+13+2'RFF+PQ:54321'RFF+AIK:987644'DTM+209:19961004:102'BUS++DO+1+ZZZ'MOA+348:1000:CHF::4'SEQ+11+3'RFF+AEK:2000'RFF+AIK:98755'DTM+209:19961007:102'BUS++DO+1+ZZZ'MOA+348:-500:CHF::4'FTX+ADS+++VORSCHUSS: MONAT 10.1999'UNT+36+12345'
